@book{Lee2012,
  author    = {Lee, John M},
  title     = {{Introduction to Smooth Manifolds}},
  subtitle  = {{A Computational Perspective}},
  address   = {New York, NY},
  edition   = {2},
  publisher = {Springer},
  series    = {Graduate Texts in Mathematics},
  year      = {2012},
}

@book{Gallier2020,
  author    = {Gallier, Jean and Quaintance, Jocelyn},
  title     = {{Differential Geometry and Lie Groups}},
  address   = {Cham},
  edition   = {1},
  isbn      = {978-3-030-46040-2},
  publisher = {Springer},
  series    = {Geometry and Computing},
  year      = {2020},
}